<collection xmlns="http://www.loc.gov/MARC21/slim">
<record>
  <leader>01587nam0a2200289 i 450 </leader>
  <controlfield tag="001">IT\ICCU\CNCE\008527</controlfield>
  <controlfield tag="005">20190514000000.0</controlfield>
  <datafield tag="012" ind1=" " ind2=" ">
    <subfield code="a">o-a- a.ta gira mean (3) 1551 (R)</subfield>
    <subfield code="2">fei</subfield>
  </datafield>
  <datafield tag="100" ind1=" " ind2=" ">
    <subfield code="a">19970101d1551        0itac0103    ba</subfield>
  </datafield>
  <datafield tag="101" ind1=" " ind2=" ">
    <subfield code="a">ITA</subfield>
  </datafield>
  <datafield tag="102" ind1=" " ind2=" ">
    <subfield code="a">IT</subfield>
  </datafield>
  <datafield tag="200" ind1="1" ind2=" ">
    <subfield code="a">℗La ℗spagnolas comedia del s. Scarpella bergamasco, et altre diuerse lingue de personaggi. Cosa bellissima, &amp; giocosa, con la giunta del proemio da l&apos;istesso auttore Andrea Calmo</subfield>
  </datafield>
  <datafield tag="210" ind1=" " ind2=" ">
    <subfield code="a">In Vinetia</subfield>
    <subfield code="c">\Bartolomeo Cesano!</subfield>
    <subfield code="c">appresso Stephano de Alesi</subfield>
    <subfield code="d">1551</subfield>
    <subfield code="e">In Venetia</subfield>
    <subfield code="g">appresso Bartholomeo Cesano</subfield>
    <subfield code="h">1551</subfield>
  </datafield>
  <datafield tag="215" ind1=" " ind2=" ">
    <subfield code="a">28 c.</subfield>
    <subfield code="d">8ʻ</subfield>
  </datafield>
  <datafield tag="620" ind1=" " ind2=" ">
    <subfield code="a">IT</subfield>
    <subfield code="d">Venezia</subfield>
  </datafield>
  <datafield tag="700" ind1=" " ind2="1">
    <subfield code="a">Calmo,</subfield>
    <subfield code="b">Andrea</subfield>
    <subfield code="3">IT\ICCU\CNCA\002398</subfield>
  </datafield>
  <datafield tag="712" ind1="0" ind2="0">
    <subfield code="a">Alessi, Stefano</subfield>
    <subfield code="3">IT\ICCU\CNCT\001260</subfield>
    <subfield code="4">650</subfield>
  </datafield>
  <datafield tag="712" ind1="0" ind2="0">
    <subfield code="a">Cesano, Bartolomeo</subfield>
    <subfield code="3">IT\ICCU\CNCT\000074</subfield>
    <subfield code="4">650</subfield>
  </datafield>
  <datafield tag="790" ind1=" " ind2="0">
    <subfield code="a">Scarpella</subfield>
    <subfield code="c"> : Bergamasco</subfield>
    <subfield code="3">IT\ICCU\CNCA\002399</subfield>
    <subfield code="z">Calmo, Andrea</subfield>
  </datafield>
  <datafield tag="791" ind1="0" ind2="0">
    <subfield code="a">Alesi, Stephano de</subfield>
    <subfield code="3">IT\ICCU\CNCT\004229</subfield>
    <subfield code="z">Alessi, Stefano</subfield>
  </datafield>
  <datafield tag="791" ind1="0" ind2="0">
    <subfield code="a">Caesanus, Bartholomaeus</subfield>
    <subfield code="3">IT\ICCU\CNCT\003671</subfield>
    <subfield code="z">Cesano, Bartolomeo</subfield>
  </datafield>
  <datafield tag="801" ind1=" " ind2="3">
    <subfield code="a">IT</subfield>
    <subfield code="b">ICCU</subfield>
    <subfield code="c">20201113</subfield>
  </datafield>
  <datafield tag="899" ind1=" " ind2=" ">
    <subfield code="a">Biblioteca nazionale centrale. Firenze</subfield>
    <subfield code="1">FI0098</subfield>
    <subfield code="2">CFI CF</subfield>
  </datafield>
  <datafield tag="899" ind1=" " ind2=" ">
    <subfield code="a">Biblioteca Livia Simoni. Museo teatrale alla Scala. Milano</subfield>
    <subfield code="1">MI0169</subfield>
    <subfield code="2">ZMI 16</subfield>
  </datafield>
  <datafield tag="899" ind1=" " ind2=" ">
    <subfield code="a">Archivio storico civico e Biblioteca Trivulziana. Milano</subfield>
    <subfield code="1">MI0327</subfield>
    <subfield code="2">LO1 13</subfield>
  </datafield>
  <datafield tag="911" ind1=" " ind2=" ">
    <subfield code="a">Sul front.</subfield>
    <subfield code="9">IT\ICCU\CNCM\000332</subfield>
  </datafield>
  <datafield tag="921" ind1=" " ind2=" ">
    <subfield code="a">IT\ICCU\CNCM\000332</subfield>
    <subfield code="b">Fortezza (donna in piedi tiene sotto il braccio destro una colonna spezzata). In cornice ovale.</subfield>
    <subfield code="e">Fortitudo mea dominus.</subfield>
    <subfield code="c">Q18</subfield>
    <subfield code="c">Z566</subfield>
    <subfield code="d">Dimensioni: 5,2 x 6</subfield>
    <subfield code="f">COLONNA</subfield>
    <subfield code="f">DONNA</subfield>
    <subfield code="f">FORTEZZA</subfield>
    <subfield code="f">FORTITUDOM</subfield>
    <subfield code="g">1550-1595</subfield>
  </datafield>
</record>
</collection>
